<record><leader>00000cas a2200000 a 4500</leader><controlfield tag="001">8797795</controlfield><controlfield tag="008">820922d18651869coudn ne      0    0eng  </controlfield><datafield ind1=" " ind2=" " tag="010"><subfield code="a">sn 82014917 </subfield></datafield><datafield ind1=" " ind2=" " tag="040"><subfield code="a">DLC</subfield><subfield code="b">eng</subfield><subfield code="c">DLC</subfield><subfield code="d">NPX</subfield><subfield code="d">DLC</subfield><subfield code="d">CNQ</subfield><subfield code="d">DLC</subfield><subfield code="d">OCLCO</subfield><subfield code="d">OCLCQ</subfield><subfield code="d">OCLCF</subfield></datafield><datafield ind1="1" ind2=" " tag="029"><subfield code="a">AU@</subfield><subfield code="b">000020291977</subfield></datafield><datafield ind1=" " ind2=" " tag="042"><subfield code="a">pcc</subfield></datafield><datafield ind1=" " ind2=" " tag="043"><subfield code="a">n-us-co</subfield></datafield><datafield ind1="0" ind2="0" tag="050"><subfield code="a">Newspaper</subfield></datafield><datafield ind1="0" ind2="4" tag="245"><subfield code="a">The daily Denver gazette.</subfield></datafield><datafield ind1="3" ind2="0" tag="246"><subfield code="a">Denver gazette</subfield></datafield><datafield ind1="3" ind2="0" tag="246"><subfield code="a">Gazette</subfield></datafield><datafield ind1=" " ind2=" " tag="260"><subfield code="a">Denver, Colo. :</subfield><subfield code="b">F.J. Stanton</subfield></datafield><datafield ind1=" " ind2=" " tag="300"><subfield code="a">v.</subfield></datafield><datafield ind1=" " ind2=" " tag="310"><subfield code="a">Daily (except Monday)</subfield></datafield><datafield ind1="1" ind2=" " tag="362"><subfield code="a">Began in May 1865.</subfield></datafield><datafield ind1="1" ind2=" " tag="362"><subfield code="a">Ceased with Apr. 16, 1869 issue.</subfield></datafield><datafield ind1=" " ind2=" " tag="530"><subfield code="a">Available on microfilm from the Colorado Historical Society, and the Library of Congress, Photoduplication Service.</subfield></datafield><datafield ind1=" " ind2=" " tag="580"><subfield code="a">Weekly ed.: Weekly Denver gazette.</subfield></datafield><datafield ind1=" " ind2=" " tag="588"><subfield code="a">Description based on: Vol. 1, no. 2 (May 16, 1865).</subfield></datafield><datafield ind1=" " ind2="0" tag="651"><subfield code="a">Denver (Colo.)</subfield><subfield code="v">Newspapers.</subfield></datafield><datafield ind1=" " ind2="0" tag="651"><subfield code="a">Arapahoe County (Colo.)</subfield><subfield code="v">Newspapers.</subfield></datafield><datafield ind1=" " ind2="7" tag="655"><subfield code="a">Newspapers.</subfield><subfield code="2">fast</subfield><subfield code="0">(OCoLC)fst01423814</subfield></datafield><datafield ind1=" " ind2="7" tag="651"><subfield code="a">Colorado</subfield><subfield code="z">Arapahoe County.</subfield><subfield code="2">fast</subfield><subfield code="0">(OCoLC)fst01213030</subfield></datafield><datafield ind1=" " ind2="7" tag="651"><subfield code="a">Colorado</subfield><subfield code="z">Denver.</subfield><subfield code="2">fast</subfield><subfield code="0">(OCoLC)fst01205192</subfield></datafield><datafield ind1=" " ind2=" " tag="752"><subfield code="a">United States</subfield><subfield code="b">Colorado</subfield><subfield code="c">Denver</subfield><subfield code="d">Denver.</subfield></datafield><datafield ind1=" " ind2=" " tag="752"><subfield code="a">United States</subfield><subfield code="b">Colorado</subfield><subfield code="c">Arapahoe</subfield><subfield code="d">Denver.</subfield></datafield><datafield ind1="0" ind2=" " tag="775"><subfield code="t">Weekly Denver gazette</subfield><subfield code="w">(DLC)sn 91052208</subfield><subfield code="w">(OCoLC)23137410</subfield></datafield><datafield ind1="0" ind2="0" tag="785"><subfield code="t">Daily gazette and commercial advertiser</subfield><subfield code="w">(DLC)sn 91052570</subfield><subfield code="w">(OCoLC)23828981</subfield></datafield></record>